<?xml version="1.0" encoding="UTF-8"?><record xmlns="http://www.loc.gov/MARC21/slim" xmlns:cinclude="http://apache.org/cocoon/include/1.0" xmlns:zs="http://www.loc.gov/zing/srw/">
  <leader>00879cz  a2200193n  4500</leader>
  <controlfield tag="001">n  86079607 </controlfield>
  <controlfield tag="003">DLC</controlfield>
  <controlfield tag="005">20141219125105.0</controlfield>
  <controlfield tag="008">860506n| acannaab|          |n aba      </controlfield>
  <datafield tag="010" ind1=" " ind2=" ">
    <subfield code="a">n  86079607 </subfield>
  </datafield>
  <datafield tag="040" ind1=" " ind2=" ">
    <subfield code="a">DLC</subfield>
    <subfield code="b">eng</subfield>
    <subfield code="c">DLC</subfield>
    <subfield code="d">DLC</subfield>
    <subfield code="d">NIC</subfield>
    <subfield code="d">Uk</subfield>
    <subfield code="d">DLC</subfield>
  </datafield>
  <datafield tag="100" ind1="1" ind2=" ">
    <subfield code="a">Daniel, John</subfield>
  </datafield>
  <datafield tag="667" ind1=" " ind2=" ">
    <subfield code="a">THIS 1XX FIELD CANNOT BE USED UNDER RDA UNTIL THIS UNDIFFERENTIATED RECORD HAS BEEN HANDLED FOLLOWING THE GUIDELINES IN DCM Z1 008/32</subfield>
  </datafield>
  <datafield tag="667" ind1=" " ind2=" ">
    <subfield code="a">Record covers additional persons</subfield>
  </datafield>
  <datafield tag="670" ind1=" " ind2=" ">
    <subfield code="a">[Subject of A narrative of the life and astonishing ...]</subfield>
  </datafield>
  <datafield tag="670" ind1=" " ind2=" ">
    <subfield code="a">Morris, R. A narrative of the life and astonishing ... 1975</subfield>
    <subfield code="b">(John Daniel)</subfield>
  </datafield>
  <datafield tag="670" ind1=" " ind2=" ">
    <subfield code="a">[Subject of Report to the Secretary of Labor ...]</subfield>
  </datafield>
  <datafield tag="670" ind1=" " ind2=" ">
    <subfield code="a">Grubbs, D. S. Report to the Secretary of Labor potential effects of Daniel, 1978:</subfield>
    <subfield code="b">t.p. (John Daniel v. Int. Bro of Teamsters, et al.)</subfield>
  </datafield>
  <datafield tag="675" ind1=" " ind2=" ">
    <subfield code="a">Contemporary authors, 1981</subfield>
  </datafield>
</record>